@inproceedings{schmidt2014branching,
  title={Branching support structures for 3D printing},
  author={Schmidt, Ryan and Umetani, Nobuyuki},
  booktitle={ACM SIGGRAPH 2014 Studio},
  pages={9},
  year={2014},
  organization={ACM}
}

@article{dumas2014bridging,
  title={Bridging the gap: Automated steady scaffoldings for 3d printing},
  author={Dumas, J{\'e}r{\'e}mie and Hergel, Jean and Lefebvre, Sylvain},
  journal={ACM Transactions on Graphics (TOG)},
  volume={33},
  number={4},
  pages={98},
  year={2014},
  publisher={ACM}
}

@article{umetani2013cross,
  title={Cross-sectional structural analysis for 3d printing optimization},
  author={Umetani, Nobuyuki and Schmidt, Ryan},
  journal={SIGGRAPH Asia},
  volume={5},
  pages={1--4},
  year={2013},
  publisher={Citeseer}
}

@article{ulu2015enhancing,
  title={Enhancing the Structural Performance of Additively Manufactured Objects Through Build Orientation Optimization},
  author={Ulu, Erva and Korkmaz, Emrullah and Yay, Kubilay and Ozdoganlar, O Burak and Kara, Levent Burak},
  journal={Journal of Mechanical Design},
  volume={137},
  number={11},
  pages={111410},
  year={2015},
  publisher={American Society of Mechanical Engineers}
}

@inproceedings{savage2014series,
  title={A series of tubes: Adding interactivity to 3d prints using internal pipes},
  author={Savage, Valkyrie and Schmidt, Ryan and Grossman, Tovi and Fitzmaurice, George and Hartmann, Bj{\"o}rn},
  booktitle={Proceedings of the 27th annual ACM symposium on User interface software and technology},
  pages={3--12},
  year={2014},
  organization={ACM}
}

@inproceedings{willis2012printed,
  title={Printed optics: 3D printing of embedded optical elements for interactive devices},
  author={Willis, Karl and Brockmeyer, Eric and Hudson, Scott and Poupyrev, Ivan},
  booktitle={Proceedings of the 25th annual ACM symposium on User interface software and technology},
  pages={589--598},
  year={2012},
  organization={ACM}
}

@inproceedings{brockmeyer2013papillon,
  title={PAPILLON: designing curved display surfaces with printed optics},
  author={Brockmeyer, Eric and Poupyrev, Ivan and Hudson, Scott},
  booktitle={Proceedings of the 26th annual ACM symposium on User interface software and technology},
  pages={457--462},
  year={2013},
  organization={ACM}
}

@inproceedings{vazquez20153d,
  title={3d printing pneumatic device controls with variable activation force capabilities},
  author={V{\'a}zquez, Marynel and Brockmeyer, Eric and Desai, Ruta and Harrison, Chris and Hudson, Scott E},
  booktitle={Proceedings of the 33rd Annual ACM Conference on Human Factors in Computing Systems},
  pages={1295--1304},
  year={2015},
  organization={ACM}
}

@inproceedings{laput2015acoustruments,
  title={Acoustruments: Passive, acoustically-driven, interactive controls for handheld devices},
  author={Laput, Gierad and Brockmeyer, Eric and Hudson, Scott E and Harrison, Chris},
  booktitle={Proceedings of the 33rd Annual ACM Conference on Human Factors in Computing Systems},
  pages={2161--2170},
  year={2015},
  organization={ACM}
}

@article{willis2013infrastructs,
  title={InfraStructs: fabricating information inside physical objects for imaging in the terahertz region},
  author={Willis, Karl DD and Wilson, Andrew D},
  journal={ACM Transactions on Graphics (TOG)},
  volume={32},
  number={4},
  pages={138},
  year={2013},
  publisher={ACM}
}

@inproceedings{savage2012midas,
  title={Midas: fabricating custom capacitive touch sensors to prototype interactive objects},
  author={Savage, Valkyrie and Zhang, Xiaohan and Hartmann, Bj{\"o}rn},
  booktitle={Proceedings of the 25th annual ACM symposium on User interface software and technology},
  pages={579--588},
  year={2012},
  organization={ACM}
}

@inproceedings{savage2015lamello,
  title={Lamello: Passive acoustic sensing for tangible input components},
  author={Savage, Valkyrie and Head, Andrew and Hartmann, Bj{\"o}rn and Goldman, Dan B and Mysore, Gautham and Li, Wilmot},
  booktitle={Proceedings of the 33rd Annual ACM Conference on Human Factors in Computing Systems},
  pages={1277--1280},
  year={2015},
  organization={ACM}
}

@inproceedings{schmitz2016liquido,
  title={Liquido: Embedding Liquids into 3D Printed Objects to Sense Tilting and Motion},
  author={Schmitz, Martin and Leister, Andreas and Dezfuli, Niloofar and Riemann, Jan and M{\"u}ller, Florian and M{\"u}hlh{\"a}user, Max},
  booktitle={Proceedings of the 2016 CHI Conference Extended Abstracts on Human Factors in Computing Systems},
  pages={2688--2696},
  year={2016},
  organization={ACM}
}

@inproceedings{savage2013sauron,
  title={Sauron: embedded single-camera sensing of printed physical user interfaces},
  author={Savage, Valkyrie and Chang, Colin and Hartmann, Bj{\"o}rn},
  booktitle={Proceedings of the 26th annual ACM symposium on User interface software and technology},
  pages={447--456},
  year={2013},
  organization={ACM}
}

@inproceedings{jones2016you,
  title={What you Sculpt is What you Get: Modeling Physical Interactive Devices with Clay and 3D Printed Widgets},
  author={Jones, Michael D and Seppi, Kevin and Olsen, Dan R},
  booktitle={Proceedings of the 2016 CHI Conference on Human Factors in Computing Systems},
  pages={876--886},
  year={2016},
  organization={ACM}
}

@inproceedings{savage2015makers,
  title={Makers' Marks: Physical Markup for Designing and Fabricating Functional Objects},
  author={Savage, Valkyrie and Follmer, Sean and Li, Jingyi and Hartmann, Bj{\"o}rn},
  booktitle={Proceedings of the 28th Annual ACM Symposium on User Interface Software \& Technology},
  pages={103--108},
  year={2015},
  organization={ACM}
}

@inproceedings{yao2015biologic,
  title={bioLogic: Natto Cells as Nanoactuators for Shape Changing Interfaces},
  author={Yao, Lining and Ou, Jifei and Cheng, Chin-Yi and Steiner, Helene and Wang, Wen and Wang, Guanyun and Ishii, Hiroshi},
  booktitle={Proceedings of the 33rd Annual ACM Conference on Human Factors in Computing Systems},
  pages={1--10},
  year={2015},
  organization={ACM}
}

@inproceedings{wang2016xprint,
  title={xPrint: A Modularized Liquid Printer for Smart Materials Deposition},
  author={Wang, Guanyun and Yao, Lining and Wang, Wen and Ou, Jifei and Cheng, Chin-Yi and Ishii, Hiroshi},
  booktitle={Proceedings of the 2016 CHI Conference on Human Factors in Computing Systems},
  pages={5743--5752},
  year={2016},
  organization={ACM}
}

@inproceedings{hudson2014printing,
  title={Printing teddy bears: a technique for 3D printing of soft interactive objects},
  author={Hudson, Scott E},
  booktitle={Proceedings of the SIGCHI Conference on Human Factors in Computing Systems},
  pages={459--468},
  year={2014},
  organization={ACM}
}

@inproceedings{peng2015d,
  title={D-Coil: A Hands-on Approach to Digital 3D Models Design},
  author={Peng, Huaishu and Zoran, Amit and Guimbreti{\`e}re, Fran{\c{c}}ois V},
  booktitle={Proceedings of the 33rd Annual ACM Conference on Human Factors in Computing Systems},
  pages={1807--1815},
  year={2015},
  organization={ACM}
}

@article{iarussi2015wrapit,
  title={WrapIt: computer-assisted crafting of wire wrapped jewelry},
  author={Iarussi, Emmanuel and Li, Wilmot and Bousseau, Adrien},
  journal={ACM Transactions on Graphics (TOG)},
  volume={34},
  number={6},
  pages={221},
  year={2015},
  publisher={ACM}
}

@inproceedings{agrawal2015protopiper,
  title={Protopiper: Physically Sketching Room-Sized Objects at Actual Scale},
  author={Agrawal, Harshit and Umapathi, Udayan and Kovacs, Robert and Frohnhofen, Johannes and Chen, Hsiang-Ting and Mueller, Stefanie and Baudisch, Patrick},
  booktitle={Proceedings of the 28th Annual ACM Symposium on User Interface Software \& Technology},
  pages={427--436},
  year={2015},
  organization={ACM}
}

@inproceedings{peng2016fly,
  title={On-The-Fly Print: Incremental Printing While Modelling},
  author={Peng, Huaishu and Wu, Rundong and Marschner, Steve and Guimbreti{\`e}re, Fran{\c{c}}ois},
  booktitle={Proceedings of the 2016 CHI Conference on Human Factors in Computing Systems},
  pages={887--896},
  year={2016},
  organization={ACM}
}

@inproceedings{mueller2015scotty,
  title={Scotty: Relocating Physical Objects Across Distances Using Destructive Scanning, Encryption, and 3D Printing},
  author={Mueller, Stefanie and Fritzsche, Martin and Kossmann, Jan and Schneider, Maximilian and Striebel, Jonathan and Baudisch, Patrick},
  booktitle={Proceedings of the Ninth International Conference on Tangible, Embedded, and Embodied Interaction},
  pages={233--240},
  year={2015},
  organization={ACM}
}

@article{sitthi2015multifab,
  title={MultiFab: a machine vision assisted platform for multi-material 3D printing},
  author={Sitthi-Amorn, Pitchaya and Ramos, Javier E and Wangy, Yuwang and Kwan, Joyce and Lan, Justin and Wang, Wenshou and Matusik, Wojciech},
  journal={ACM Transactions on Graphics (TOG)},
  volume={34},
  number={4},
  pages={129},
  year={2015},
  publisher={ACM}
}

@inproceedings{weichel2014mixfab,
  title={MixFab: a mixed-reality environment for personal fabrication},
  author={Weichel, Christian and Lau, Manfred and Kim, David and Villar, Nicolas and Gellersen, Hans W},
  booktitle={Proceedings of the 32nd annual ACM conference on Human factors in computing systems},
  pages={3855--3864},
  year={2014},
  organization={ACM}
}

@inproceedings{weichel2015reform,
  title={ReForm: Integrating Physical and Digital Design through Bidirectional Fabrication},
  author={Weichel, Christian and Hardy, John and Alexander, Jason and Gellersen, Hans},
  booktitle={Proceedings of the 28th Annual ACM Symposium on User Interface Software \& Technology},
  pages={93--102},
  year={2015},
  organization={ACM}
}

@inproceedings{mueller2014fabrickation,
  title={faBrickation: fast 3D printing of functional objects by integrating construction kit building blocks},
  author={Mueller, Stefanie and Mohr, Tobias and Guenther, Kerstin and Frohnhofen, Johannes and Baudisch, Patrick},
  booktitle={Proceedings of the 32nd annual ACM conference on Human factors in computing systems},
  pages={3827--3834},
  year={2014},
  organization={ACM}
}

@inproceedings{mueller2014wireprint,
  title={WirePrint: 3D printed previews for fast prototyping},
  author={Mueller, Stefanie and Im, Sangha and Gurevich, Serafima and Teibrich, Alexander and Pfisterer, Lisa and Guimbreti{\`e}re, Fran{\c{c}}ois and Baudisch, Patrick},
  booktitle={Proceedings of the 27th annual ACM symposium on User interface software and technology},
  pages={273--280},
  year={2014},
  organization={ACM}
}

@article{luo2015legolization,
  title={Legolization: optimizing LEGO designs},
  author={Luo, Sheng-Jie and Yue, Yonghao and Huang, Chun-Kai and Chung, Yu-Huan and Imai, Sei and Nishita, Tomoyuki and Chen, Bing-Yu},
  journal={ACM Transactions on Graphics (TOG)},
  volume={34},
  number={6},
  pages={222},
  year={2015},
  publisher={ACM}
}

@inproceedings{beyer2015platener,
  title={Platener: Low-fidelity fabrication of 3D Objects by substituting 3D print with laser-cut plates},
  author={Beyer, Dustin and Gurevich, Serafima and Mueller, Stefanie and Chen, Hsiang-Ting and Baudisch, Patrick},
  booktitle={Proceedings of the 33rd Annual ACM Conference on Human Factors in Computing Systems},
  pages={1799--1806},
  year={2015},
  organization={ACM}
}

@inproceedings{gal20073d,
  title={3D collage: expressive non-realistic modeling},
  author={Gal, Ran and Sorkine, Olga and Popa, Tiberiu and Sheffer, Alla and Cohen-Or, Daniel},
  booktitle={Proceedings of the 5th international symposium on Non-photorealistic animation and rendering},
  pages={7--14},
  year={2007},
  organization={ACM}
}

@inproceedings{davidoff2011mechanical,
  title={Mechanical hijacking: how robots can accelerate UbiComp deployments},
  author={Davidoff, Scott and Villar, Nicolas and Taylor, Alex S and Izadi, Shahram},
  booktitle={Proceedings of the 13th international conference on Ubiquitous computing},
  pages={267--270},
  year={2011},
  organization={ACM}
}

@article{ramakers2016retrofab,
  title={Retrofab: A design tool for retrofitting physical interfaces using actuators, sensors and 3d printing},
  author={Ramakers, Raf and Anderson, Fraser and Grossman, Tovi and Fitzmaurice, George},
  journal={Proc. of SIGCHI. ACM},
  year={2016}
}

@inproceedings{piya2016,
  title={RealFusion: An Interactive Workflow for Repurposing Real-World Objects towards Early-stage Creative Ideation},
  author={Piya, Cecil, Vinayak, Zhang, Yunbo, Ramani Karthik},
  booktitle={Proceedings of the 42th Graphics Interface Conference},
  year={2016}
}

@inproceedings{teibrich2015patching,
  title={Patching Physical Objects},
  author={Teibrich, Alexander and Mueller, Stefanie and Guimbreti{\`e}re, Fran{\c{c}}ois and Kovacs, Robert and Neubert, Stefan and Baudisch, Patrick},
  booktitle={Proceedings of the 28th Annual ACM Symposium on User Interface Software \& Technology},
  pages={83--91},
  year={2015},
  organization={ACM}
}

@inproceedings{torres2016proxyprint,
  title={ProxyPrint: Supporting Crafting Practice through Physical Computational Proxies},
  author={Torres, Cesar and Li, Wilmot and Paulos, Eric},
  booktitle={Proceedings of the 2016 ACM Conference on Designing Interactive Systems},
  pages={158--169},
  year={2016},
  organization={ACM}
}

@article{barrett1990fastener,
  title={Fastener design manual},
  author={Barrett, Richard T},
  year={1990}
}

@article{chih1998new,
  title={A new approach to CNC tool path generation},
  author={Chih-Ching, Lo},
  journal={Computer-Aided Design},
  volume={30},
  number={8},
  pages={649--655},
  year={1998},
  publisher={Elsevier}
}

@article{lin1996efficient,
  title={Efficient tool-path planning for machining free-form surfaces},
  author={Lin, Rong-Shine and Koren, Y},
  journal={Journal of engineering for industry},
  volume={118},
  number={1},
  pages={20--28},
  year={1996},
  publisher={American Society of Mechanical Engineers}
}

@article{bergen1997efficient,
  title={Efficient collision detection of complex deformable models using AABB trees},
  author={Bergen, Gino van den},
  journal={Journal of Graphics Tools},
  volume={2},
  number={4},
  pages={1--13},
  year={1997},
  publisher={Taylor \& Francis}
}

@book{meagher1980octree,
  title={Octree encoding: A new technique for the representation, manipulation and display of arbitrary 3-d objects by computer},
  author={Meagher, Donald JR},
  year={1980},
  publisher={Electrical and Systems Engineering Department Rensseiaer Polytechnic Institute Image Processing Laboratory}
}

@article{zhou2014boxelization,
  title={Boxelization: folding 3D objects into boxes},
  author={Zhou, Yahan and Sueda, Shinjiro and Matusik, Wojciech and Shamir, Ariel},
  journal={ACM Transactions on Graphics (TOG)},
  volume={33},
  number={4},
  pages={71},
  year={2014},
  publisher={ACM}
}

@book{szabo1991finite,
  title={Finite element analysis},
  author={Szabo, Barna Aladar and Babu{\v{s}}ka, Ivo},
  year={1991},
  publisher={John Wiley \& Sons}
}

@article{graham1972efficient,
  title={An efficient algorith for determining the convex hull of a finite planar set},
  author={Graham, Ronald L.},
  journal={Information processing letters},
  volume={1},
  number={4},
  pages={132--133},
  year={1972},
  publisher={Elsevier}
}

@article{prevost2013make,
  title={Make it stand: balancing shapes for 3D fabrication},
  author={Pr{\'e}vost, Romain and Whiting, Emily and Lefebvre, Sylvain and Sorkine-Hornung, Olga},
  journal={ACM Transactions on Graphics (TOG)},
  volume={32},
  number={4},
  pages={81},
  year={2013},
  publisher={ACM}
}

@article{yoshida2015architecture,
  title={Architecture-scale human-assisted additive manufacturing},
  author={Yoshida, Hironori and Igarashi, Takeo and Obuchi, Yusuke and Takami, Yosuke and Sato, Jun and Araki, Mika and Miki, Masaaki and Nagata, Kosuke and Sakai, Kazuhide and Igarashi, Syunsuke},
  journal={ACM Transactions on Graphics (TOG)},
  volume={34},
  number={4},
  pages={88},
  year={2015},
  publisher={ACM}
}

@book{tetelman1967fracture,
  title={Fracture of structural materials},
  author={Tetelman, Alan S and McEvily, Arthur J},
  year={1967},
  publisher={Wiley}
}

@article{willkolmm2013assistive,
  title={Assistive Technology Solutions in Minutes II: Ordinary Items, Extraordinary Solutions},
  author={Willkolmm, Therese},
  year={2013},
  publisher={Durham, NH: University of New Hampshire, Institute on Disability}
}

@book{plaxen2005adapt,
  title={Adapt my world: Homemade adaptations for people with disabilities},
  author={Plaxen, J Rose},
  year={2005},
  publisher={Seven Locks Press}
}

@inproceedings{stangl20143d,
  title={3D printed tactile picture books for children with visual impairments: a design probe},
  author={Stangl, Abigale and Kim, Jeeeun and Yeh, Tom},
  booktitle={Proceedings of the 2014 conference on Interaction design and children},
  pages={321--324},
  year={2014},
  organization={ACM}
}

@inproceedings{chen2015encore,
  title={Encore: 3D printed augmentation of everyday objects with printed-over, affixed and interlocked attachments},
  author={Chen, Xiang 'Anthony' and Coros, Stelian and Mankoff, Jennifer and Hudson, Scott E},
  booktitle={Proceedings of the 28th Annual ACM Symposium on User Interface Software \& Technology},
  pages={73--82},
  year={2015},
  organization={ACM}
}

@misc{disabilityfunctioning,
  key =          "National Center for Health Statistics",
  author =       {Centers for Disease Control and Prevention},
  title =        {Disability and Functioning (Noninstitutionalized Adults 18 Years and Over)},
  year =         2013,
  note =         {\url{http://www.cdc.gov/nchs/fastats/disability.htm}},
}

@online{thingiverse,
  key =          "Thingiverse",
  author =       {Thingiverse},
  year =         2016,
  note =         {\url{http://www.thingiverse.com/}},
}

@online{pinterest,
  key =          "Pinterest",
  author =       {Pinterest},
  year =         2016,
  note =         {\url{http://www.pinterest.com/}},
}


@article{werner1987disabled,
  title={Disabled village children},
  author={Werner, David},
  journal={Palo Alto, California: The Hesperian Foundation},
  volume={14},
  year={1987}
}

@inproceedings{ramaker2015retrofab,
  title={RetroFab: A Design Tool for Retrofitting Physical Interfaces using Actuators, Sensors and 3D Printing},
  author={Ramaker, Raf and Anderson, Fraser and Grossman, Tovi and Fitzmaurice, George},
  booktitle={Proceedings of the SIGCHI Conference on Human Factors in Computing Systems},
  year={2016},
  organization={ACM}
}

@inproceedings{teibrich2015patching,
  title={Patching Physical Objects},
  author={Teibrich, Alexander and Mueller, Stefanie and Guimbreti{\`e}re, Fran{\c{c}}ois and Kovacs, Robert and Neubert, Stefan and Baudisch, Patrick},
  booktitle={Proceedings of the 28th Annual ACM Symposium on User Interface Software \& Technology},
  pages={83--91},
  year={2015},
  organization={ACM}
}

@inproceedings{hurst2011empowering,
  title={Empowering individuals with do-it-yourself assistive technology},
  author={Hurst, Amy and Tobias, Jasmine},
  booktitle={The proceedings of the 13th international ACM SIGACCESS conference on Computers and accessibility},
  pages={11--18},
  year={2011},
  organization={ACM}
}

@article{copley2004barriers,
  title={Barriers to the use of assistive technology for children with multiple disabilities},
  author={Copley, Jodie and Ziviani, Jenny},
  journal={Occupational Therapy International},
  volume={11},
  number={4},
  pages={229--243},
  year={2004},
  publisher={Wiley Online Library}
}

@article{koyama2015autoconnect,
  title={AutoConnect: computational design of 3D-printable connectors},
  author={Koyama, Yuki and Sueda, Shinjiro and Steinhardt, Emma and Igarashi, Takeo and Shamir, Ariel and Matusik, Wojciech},
  journal={ACM Transactions on Graphics (TOG)},
  volume={34},
  number={6},
  pages={231},
  year={2015},
  publisher={ACM}
}

@inproceedings{buehler2015sharing,
  title={Sharing is caring: Assistive technology designs on thingiverse},
  author={Buehler, Erin and Branham, Stacy and Ali, Abdullah and Chang, Jeremy J and Hofmann, Megan Kelly and Hurst, Amy and Kane, Shaun K},
  booktitle={Proceedings of the 33rd Annual ACM Conference on Human Factors in Computing Systems},
  pages={525--534},
  year={2015},
  organization={ACM}
}

@article{de2011design,
  title={Design for (every) one: co-creation as a bridge between universal design and rehabilitation engineering},
  author={De Couvreur, Lieven and Goossens, Richard},
  journal={CoDesign},
  volume={7},
  number={2},
  pages={107--121},
  year={2011},
  publisher={Taylor \& Francis}
}

@inproceedings{hurst2013making,
  title={Making making accessible},
  author={Hurst, Amy and Kane, Shaun},
  booktitle={Proceedings of the 12th International Conference on Interaction Design and Children},
  pages={635--638},
  year={2013},
  organization={ACM}
}

@inproceedings{buehler2014coming,
  title={Coming to grips: 3D printing for accessibility},
  author={Buehler, Erin and Hurst, Amy and Hofmann, Megan},
  booktitle={Proceedings of the 16th international ACM SIGACCESS conference on Computers \& accessibility},
  pages={291--292},
  year={2014},
  organization={ACM}
}

@inproceedings{swaminathan2016linespace,
  title={Linespace: a sensemaking platform for the blind},
  author={Swaminathan, Saiganesh and Roumen, Thijs and Kovacs, Robert and FitzmaStanglurice, David and Mueller, Stefanie and Baudisch, Patrick},
  booktitle={Proceedings of the SIGCHI Conference on Human Factors in Computing Systems},
  year={2016},
  organization={ACM}
}

@inproceedings{buehler2015sharing,
  title={Sharing is caring: Assistive technology designs on thingiverse},
  author={Buehler, Erin and Branham, Stacy and Ali, Abdullah and Chang, Jeremy J and Hofmann, Megan Kelly and Hurst, Amy and Kane, Shaun K},
  booktitle={Proceedings of the 33rd Annual ACM Conference on Human Factors in Computing Systems},
  pages={525--534},
  year={2015},
  organization={ACM}
}

@inproceedings{moraiti2015empowering,
  title={Empowering occupational therapists with a DIY-toolkit for smart soft objects},
  author={Moraiti, Argyro and Vanden Abeele, Vero and Vanroye, Erwin and Geurts, Luc},
  booktitle={Proceedings of the Ninth International Conference on Tangible, Embedded, and Embodied Interaction},
  pages={387--394},
  year={2015},
  organization={ACM}
}

@book{9781933940021,
  Author = {Stoller, Lynn},
  Title = {Low Tech Assistive Devices: A Handbook for the School Setting},
  Publisher = {Therapro, Inc.},
  Year = {1999},
  ISBN = {1933940026}
}

@book{robitaille2010illustrated,
  title={The illustrated guide to assistive technology and devices: Tools and gadgets for living independently},
  author={Robitaille, Suzanne},
  year={2010},
  publisher={ReadHowYouWant. com}
}

@book{9780323033848,
  Author = {Coppard, Brenda M. and Lohman, Helene},
  Title = {Introduction to Splinting: A Clinical Reasoning and Problem-Solving Approach, 3e},
  Publisher = {Mosby},
  Year = {2007},
  ISBN = {0323033849}
}
@inproceedings{terry2002side,
  title={Side views: persistent, on-demand previews for open-ended tasks},
  author={Terry, Michael and Mynatt, Elizabeth D},
  booktitle={Proceedings of the 15th annual ACM symposium on User interface software and technology},
  pages={71--80},
  year={2002},
  organization={ACM}
}

@inproceedings{davidoff2011mechanical,
  title={Mechanical hijacking: how robots can accelerate UbiComp deployments},
  author={Davidoff, Scott and Villar, Nicolas and Taylor, Alex S and Izadi, Shahram},
  booktitle={Proceedings of the 13th international conference on Ubiquitous computing},
  pages={267--270},
  year={2011},
  organization={ACM}
}

@article{de2011design,
  title={Design for (every) one: co-creation as a bridge between universal design and rehabilitation engineering},
  author={De Couvreur, Lieven and Goossens, Richard},
  journal={CoDesign},
  volume={7},
  number={2},
  pages={107--121},
  year={2011},
  publisher={Taylor \& Francis}
}

@book{norman2013design,
  title={The design of everyday things: Revised and expanded edition},
  author={Norman, Donald A},
  year={2013},
  publisher={Basic books}
}

@inproceedings{song2006modelcraft,
  title={ModelCraft: capturing freehand annotations and edits on physical 3D models},
  author={Song, Hyunyoung and Guimbreti{\`e}re, Fran{\c{c}}ois and Hu, Chang and Lipson, Hod},
  booktitle={Proceedings of the 19th annual ACM symposium on User interface software and technology},
  pages={13--22},
  year={2006},
  organization={ACM}
}

@book{bendsoe2013topology,
  title={Topology optimization: theory, methods, and applications},
  author={Bendsoe, Martin Philip and Sigmund, Ole},
  year={2013},
  publisher={Springer Science \& Business Media}
}

@article{umetani2012guided,
  title={Guided exploration of physically valid shapes for furniture design.},
  author={Umetani, Nobuyuki and Igarashi, Takeo and Mitra, Niloy J},
  journal={ACM Trans. Graph.},
  volume={31},
  number={4},
  pages={86--1},
  year={2012},
  publisher={Citeseer}
}

@inproceedings{horvitz1999principles,
  title={Principles of mixed-initiative user interfaces},
  author={Horvitz, Eric},
  booktitle={Proceedings of the SIGCHI conference on Human Factors in Computing Systems},
  pages={159--166},
  year={1999},
  organization={ACM}
}

@article{martinez2015structure,
  title={Structure and appearance optimization for controllable shape design},
  author={Mart{\'\i}nez, Jon{\`a}s and Dumas, J{\'e}r{\'e}mie and Lefebvre, Sylvain and Wei, Li-Yi},
  journal={ACM Transactions on Graphics (TOG)},
  volume={34},
  number={6},
  pages={229},
  year={2015},
  publisher={ACM}
}

@inproceedings{saul2011sketchchair,
  title={SketchChair: an all-in-one chair design system for end users},
  author={Saul, Greg and Lau, Manfred and Mitani, Jun and Igarashi, Takeo},
  booktitle={Proceedings of the fifth international conference on Tangible, embedded, and embodied interaction},
  pages={73--80},
  year={2011},
  organization={ACM}
}

@article{rivers2012position,
  title={Position-correcting tools for 2D digital fabrication},
  author={Rivers, Alec and Moyer, Ilan E and Durand, Fr{\'e}do},
  journal={ACM Transactions on Graphics (TOG)},
  volume={31},
  number={4},
  pages={88},
  year={2012},
  publisher={ACM}
}

@inproceedings{igarashi2007teddy,
  title={Teddy: a sketching interface for 3D freeform design},
  author={Igarashi, Takeo and Matsuoka, Satoshi and Tanaka, Hidehiko},
  booktitle={Acm siggraph 2007 courses},
  pages={21},
  year={2007},
  organization={ACM}
}

@article{sigmund200199,
  title={A 99 line topology optimization code written in Matlab},
  author={Sigmund, Ole},
  journal={Structural and multidisciplinary optimization},
  volume={21},
  number={2},
  pages={120--127},
  year={2001},
  publisher={Springer}
}

@inproceedings{sageman2015meltables,
  title={Meltables: fabrication of complex 3D curves by melting},
  author={Sageman-Furnas, Andrew O and Umetani, Nobuyuki and Schmidt, Ryan},
  booktitle={SIGGRAPH Asia 2015 Technical Briefs},
  pages={14},
  year={2015},
  organization={ACM}
}

@inproceedings{mueller2012interactive,
  title={Interactive construction: interactive fabrication of functional mechanical devices},
  author={Mueller, Stefanie and Lopes, Pedro and Baudisch, Patrick},
  booktitle={Proceedings of the 25th annual ACM symposium on User interface software and technology},
  pages={599--606},
  year={2012},
  organization={ACM}
}

@article{maccurdy2015printable,
  title={Printable Hydraulics: A Method for Fabricating Robots by 3D Co-Printing Solids and Liquids},
  author={MacCurdy, Robert and Katzschmann, Robert and Kim, Youbin and Rus, Daniela},
  journal={arXiv preprint arXiv:1512.03744},
  year={2015}
}

@inproceedings{schull2015enabling,
  title={Enabling the Future: Crowdsourced 3D-printed Prostheticsas a Model for Open Source Assistive TechnologyInnovation and Mutual Aid},
  author={Schull, Jon},
  booktitle={Proceedings of the 17th International ACM SIGACCESS Conference on Computers \& Accessibility},
  pages={1--1},
  year={2015},
  organization={ACM}
}

@book{gibson2010additive,
  title={Additive manufacturing technologies},
  author={Gibson, Ian and Rosen, David W and Stucker, Brent and others},
  volume={238},
  year={2010},
  publisher={Springer}
}

@MISC {robertkovacs2016,
    author       = "Robert Kovacs",
    title        = "BottlePrint: Scaling Personal Fabrication by Embedding Ready-Made Objects",
    howpublished = "Ph. D. Retreat of the HPI Research School on Service-oriented Systems Engineering",
    year         = "2016"
}

@inproceedings{chen2016reprise,
  title={Reprise: A Design Tool for Specifying, Generating, and Customizing 3D Printable Adaptations on Everyday Objects},
  author={Chen, Xiang'Anthony' and Kim, Jeeeun and Mankoff, Jennifer and Grossman, Tovi and Coros, Stelian and Hudson, Scott E},
  booktitle={the 29th Annual ACM Symposium on User Interface Software \& Technology},
  year={2016},
  organization={ACM}
}

@inproceedings{caudell1992augmented,
  title={Augmented reality: An application of heads-up display technology to manual manufacturing processes},
  author={Caudell, Thomas P and Mizell, David W},
  booktitle={System Sciences, 1992. Proceedings of the Twenty-Fifth Hawaii International Conference on},
  volume={2},
  pages={659--669},
  year={1992},
  organization={IEEE}
}

@inproceedings{rekimoto1996transvision,
  title={Transvision: A hand-held augmented reality system for collaborative design},
  author={Rekimoto, Jun},
  booktitle={Proc. Virtual Systems and Multimedia},
  pages={85--90},
  year={1996}
}

@misc{wiki:Stereolithography,
    author = "Wikipedia",
    title = "{Stereolithography} --- {W}ikipedia{,} The Free Encyclopedia",
    year = "2016",
    howpublished = {\url{http://en.wikipedia.org/w/index.php?title=Stereolithography&oldid=725718453}},
    note = "[Online; accessed 29-July-2016]"
}

@article{yuan2005assembly,
  title={Assembly guidance in augmented reality environments using a virtual interactive tool},
  author={Yuan, ML and Ong, SK and Nee, Andrew YC},
  year={2005}
}

@misc{wiki:sls,
    author = "Wikipedia",
    title = "{Selective laser sintering} --- {W}ikipedia{,} The Free Encyclopedia",
    year = "2016",
    howpublished = {\url{http://en.wikipedia.org/w/index.php?title=Selective\%20laser\%20sintering&oldid=714526189}},
    note = "[Online; accessed 29-July-2016]"
 }

@inproceedings{tang2003comparative,
  title={Comparative effectiveness of augmented reality in object assembly},
  author={Tang, Arthur and Owen, Charles and Biocca, Frank and Mou, Weimin},
  booktitle={Proceedings of the SIGCHI conference on Human factors in computing systems},
  pages={73--80},
  year={2003},
  organization={ACM}
}

@misc{wiki:Fastener,
   author = "Wikipedia",
   title = "{Fastener} --- {W}ikipedia{,} The Free Encyclopedia",
   year = "2016",
   howpublished = {\url{http://en.wikipedia.org/w/index.php?title=Fastener&oldid=724820940}},
   note = "[Online; accessed 17-June-2016]"
}

@inproceedings{gao2015revomaker,
  title={RevoMaker: Enabling Multi-directional and Functionally-embedded 3D printing using a Rotational Cuboidal Platform},
  author={Gao, Wei and Zhang, Yunbo and Nazzetta, Diogo C and Ramani, Karthik and Cipra, Raymond J},
  booktitle={Proceedings of the 28th Annual ACM Symposium on User Interface Software \& Technology},
  pages={437--446},
  year={2015},
  organization={ACM}
}

@article{songcofifab,
  title={CofiFab: Coarse-to-Fine Fabrication of Large 3D Objects},
  author={Song, Peng and Deng, Bailin and Wang, Ziqi and Dong, Zhichao and Li, Wei and Fu, Chi-Wing and Liu, Ligang},
  journal={ACM Transactions on Graphics}
}

@inproceedings{vasilevitsky2016steel,
  title={Steel-Sense: Integrating Machine Elements with Sensors by Additive Manufacturing},
  author={Vasilevitsky, Tatyana and Zoran, Amit},
  booktitle={Proceedings of the 2016 CHI Conference on Human Factors in Computing Systems},
  pages={5731--5742},
  year={2016},
  organization={ACM}
}

@article{bacher2014spin,
  title={Spin-it: optimizing moment of inertia for spinnable objects},
  author={B{\"a}cher, Moritz and Whiting, Emily and Bickel, Bernd and Sorkine-Hornung, Olga},
  journal={ACM Transactions on Graphics (TOG)},
  volume={33},
  number={4},
  pages={96},
  year={2014},
  publisher={ACM}
}

@article{prevost2013make,
  title={Make it stand: balancing shapes for 3D fabrication},
  author={Pr{\'e}vost, Romain and Whiting, Emily and Lefebvre, Sylvain and Sorkine-Hornung, Olga},
  journal={ACM Transactions on Graphics (TOG)},
  volume={32},
  number={4},
  pages={81},
  year={2013},
  publisher={ACM}
}

@article{christiansen2015combined,
  title={Combined shape and topology optimization of 3D structures},
  author={Christiansen, Asger Nyman and B{\ae}rentzen, J Andreas and Nobel-J{\o}rgensen, Morten and Aage, Niels and Sigmund, Ole},
  journal={Computers \& Graphics},
  volume={46},
  pages={25--35},
  year={2015},
  publisher={Elsevier}
}

@article{wu2016system,
  title={A system for high-resolution topology optimization},
  author={Wu, Jun and Dick, Christian and Westermann, R{\"u}diger},
  journal={IEEE transactions on visualization and computer graphics},
  volume={22},
  number={3},
  pages={1195--1208},
  year={2016},
  publisher={IEEE}
}

@misc{wiki:Fab@Home,
   author = "Wikipedia",
   title = "{Fab@Home} --- {W}ikipedia{,} The Free Encyclopedia",
   year = "2016",
   howpublished = {\url{http://en.wikipedia.org/w/index.php?title=Fab\%40Home&oldid=725172260}},
   note = "[Online; accessed 30-July-2016]"
 }

 @inproceedings{rekimoto1995world,
  title={The world through the computer: Computer augmented interaction with real world environments},
  author={Rekimoto, Jun and Nagao, Katashi},
  booktitle={Proceedings of the 8th annual ACM symposium on User interface and software technology},
  pages={29--36},
  year={1995},
  organization={ACM}
}

@article{milgram1994taxonomy,
  title={A taxonomy of mixed reality visual displays},
  author={Milgram, Paul and Kishino, Fumio},
  journal={IEICE TRANSACTIONS on Information and Systems},
  volume={77},
  number={12},
  pages={1321--1329},
  year={1994},
  publisher={The Institute of Electronics, Information and Communication Engineers}
}

@inproceedings{ishii1992clearboard,
  title={ClearBoard: a seamless medium for shared drawing and conversation with eye contact},
  author={Ishii, Hiroshi and Kobayashi, Minoru},
  booktitle={Proceedings of the SIGCHI conference on Human factors in computing systems},
  pages={525--532},
  year={1992},
  organization={ACM}
}

@inproceedings{edwards1993video,
  title={Video see-through design for merging of real and virtual environments},
  author={Edwards, Emily K and Rolland, Jannick P and Keller, Kurtis P},
  booktitle={Virtual Reality Annual International Symposium, 1993., 1993 IEEE},
  pages={223--233},
  year={1993},
  organization={IEEE}
}

@inproceedings{bajura1992merging,
  title={Merging virtual objects with the real world: Seeing ultrasound imagery within the patient},
  author={Bajura, Michael and Fuchs, Henry and Ohbuchi, Ryutarou},
  booktitle={ACM SIGGRAPH Computer Graphics},
  volume={26},
  number={2},
  pages={203--210},
  year={1992},
  organization={ACM}
}

@article{reiners1998augmented,
  title={Augmented reality for construction tasks: Doorlock assembly},
  author={Reiners, Dirk and Stricker, Didier and Klinker, Gudrun and M{\"u}ller, Stefan},
  journal={Proc. IEEE and ACM IWAR},
  volume={98},
  number={1},
  pages={31--46},
  year={1998}
}

@inproceedings{boud1999virtual,
  title={Virtual reality and augmented reality as a training tool for assembly tasks},
  author={Boud, AC and Haniff, David J and Baber, Chris and Steiner, SJ},
  booktitle={Information Visualization, 1999. Proceedings. 1999 IEEE International Conference on},
  pages={32--36},
  year={1999},
  organization={IEEE}
}

@article{schwald2003augmented,
  title={An augmented reality system for training and assistance to maintenance in the industrial context},
  author={Schwald, Bernd and De Laval, Blandine},
  year={2003},
  publisher={UNION Agency--Science Press}
}

@inproceedings{feiner1991hybrid,
  title={Hybrid user interfaces: Breeding virtually bigger interfaces for physically smaller computers},
  author={Feiner, Steven and Shamash, Ari},
  booktitle={Proceedings of the 4th annual ACM symposium on User interface software and technology},
  pages={9--17},
  year={1991},
  organization={ACM}
}

@misc{wiki:Laminated_objectmanufacturing,
   author = "Wikipedia",
   title = "{Laminated object manufacturing} --- {W}ikipedia{,} The Free Encyclopedia",
   year = "2016",
   howpublished = {\url{http://en.wikipedia.org/w/index.php?title=Laminated\%20object\%20manufacturing&oldid=686975516}},
   note = "[Online; accessed 01-August-2016]"
 }

 @inproceedings{hudson2014printing,
   title={Printing teddy bears: a technique for 3D printing of soft interactive objects},
   author={Hudson, Scott E},
   booktitle={Proceedings of the SIGCHI Conference on Human Factors in Computing Systems},
   pages={459--468},
   year={2014},
   organization={ACM}
 }

 @inproceedings{peng2015layered,
  title={A layered fabric 3D printer for soft interactive objects},
  author={Peng, Huaishu and Mankoff, Jennifer and Hudson, Scott E and McCann, James},
  booktitle={Proceedings of the 33rd Annual ACM Conference on Human Factors in Computing Systems},
  pages={1789--1798},
  year={2015},
  organization={ACM}
}

@article{skylar2016laser,
  title={Laser-assisted direct ink writing of planar and 3D metal architectures},
  author={Skylar-Scott, Mark A and Gunasekaran, Suman and Lewis, Jennifer A},
  journal={Proceedings of the National Academy of Sciences},
  pages={201525131},
  year={2016},
  publisher={National Acad Sciences}
}


@inproceedings{igarashi2007teddy,
  title={Teddy: a sketching interface for 3D freeform design},
  author={Igarashi, Takeo and Matsuoka, Satoshi and Tanaka, Hidehiko},
  booktitle={ACM SIGGRAPH 2007 Courses},
  pages={21},
  year={2007},
  organization={ACM}
}

@inproceedings{saul2011sketchchair,
  title={SketchChair: an all-in-one chair design system for end users},
  author={Saul, Greg and Lau, Manfred and Mitani, Jun and Igarashi, Takeo},
  booktitle={Proceedings of the fifth international conference on Tangible, embedded, and embodied interaction},
  pages={73--80},
  year={2011},
  organization={ACM}
}

@inproceedings{zhou2016direct,
  title={Direct shape optimization for strengthening 3D printable objects},
  author={Zhou, Yahan and Kalogerakis, Evangelos and Wang, Rui and Grosse, Ian R},
  booktitle={Computer Graphics Forum},
  volume={35},
  number={7},
  pages={333--342},
  year={2016},
  organization={Wiley Online Library}
}

@article{martinez2015structure,
  title={Structure and appearance optimization for controllable shape design},
  author={Mart{\'\i}nez, Jon{\`a}s and Dumas, J{\'e}r{\'e}mie and Lefebvre, Sylvain and Wei, Li-Yi},
  journal={ACM Transactions on Graphics (TOG)},
  volume={34},
  number={6},
  pages={229},
  year={2015},
  publisher={ACM}
}

@article{sigmund200199,
  title={A 99 line topology optimization code written in Matlab},
  author={Sigmund, Ole},
  journal={Structural and multidisciplinary optimization},
  volume={21},
  number={2},
  pages={120--127},
  year={2001},
  publisher={Springer}
}

@article{andreassen2011efficient,
  title={Efficient topology optimization in MATLAB using 88 lines of code},
  author={Andreassen, Erik and Clausen, Anders and Schevenels, Mattias and Lazarov, Boyan S and Sigmund, Ole},
  journal={Structural and Multidisciplinary Optimization},
  volume={43},
  number={1},
  pages={1--16},
  year={2011},
  publisher={Springer}
}

@inproceedings{kazi2017dreamsketch,
  title={DreamSketch: Early Stage 3D Design Explorations with Sketching and Generative Design},
  author={Kazi, Rubaiat Habib and Grossman, Tovi and Cheong, Hyunmin and Hashemi, Ali and Fitzmaurice, George},
  note={To appear at the 30th Annual ACM Symposium on User Interface Software and Technology},
  year={2017},
}

@misc{MetalX99:online,
author = {MarkForged},
title = {Metal X},
howpublished = {\url{https://markforged.com/metal-x/}},
month = {},
year = {2017},
note = {(Accessed on 08/23/2017)}
}

@misc{HP3DPrin1:online,
author = {HP Official Site},
title = {HP 3D Printers and Printing Solution},
howpublished = {\url{http://www8.hp.com/us/en/printers/3d-printers.html}},
month = {},
year = {2017},
note = {(Accessed on 08/23/2017)}
}

@article{aage2013interactive,
  title={Interactive topology optimization on hand-held devices},
  author={Aage, Niels and Nobel-J{\o}rgensen, Morten and Andreasen, Casper Schousboe and Sigmund, Ole},
  journal={Structural and Multidisciplinary Optimization},
  volume={47},
  number={1},
  pages={1--6},
  year={2013},
  publisher={Springer}
}

@misc{Stressto43:online,
author = {Grasshopper},
title = {Stress topology optimization with Millipede},
howpublished = {\url{http://www.grasshopper3d.com/forum/topics/stress-topology-optimization-with-millipede}},
month = {},
year = {2017},
note = {(Accessed on 08/23/2017)}
}

@inproceedings{bae2008ilovesketch,
  title={ILoveSketch: as-natural-as-possible sketching system for creating 3d curve models},
  author={Bae, Seok-Hyung and Balakrishnan, Ravin and Singh, Karan},
  booktitle={Proceedings of the 21st annual ACM symposium on User interface software and technology},
  pages={151--160},
  year={2008},
  organization={ACM}
}

@inproceedings{bae2009everybodylovessketch,
  title={EverybodyLovesSketch: 3D sketching for a broader audience},
  author={Bae, Seok-Hyung and Balakrishnan, Ravin and Singh, Karan},
  booktitle={Proceedings of the 22nd annual ACM symposium on User interface software and technology},
  pages={59--68},
  year={2009},
  organization={ACM}
}

@article{umetani2012guided,
  title={Guided exploration of physically valid shapes for furniture design.},
  author={Umetani, Nobuyuki and Igarashi, Takeo and Mitra, Niloy J},
  journal={ACM Trans. Graph.},
  volume={31},
  number={4},
  pages={86--1},
  year={2012},
  publisher={Citeseer}
}

@inproceedings{igarashi2001suggestive,
  title={A suggestive interface for 3D drawing},
  author={Igarashi, Takeo and Hughes, John F},
  booktitle={Proceedings of the 14th annual ACM symposium on User interface software and technology},
  pages={173--181},
  year={2001},
  organization={ACM}
}

@article{olsen2009sketch,
  title={Sketch-based modeling: A survey},
  author={Olsen, Luke and Samavati, Faramarz F and Sousa, Mario Costa and Jorge, Joaquim A},
  journal={Computers \& Graphics},
  volume={33},
  number={1},
  pages={85--103},
  year={2009},
  publisher={Elsevier}
}

@article{aage2014topology,
  title={Topology optimization using petsc},
  author={Aage, Niels and Andreassen, Erik and Lazarov, Boyan Stefanov},
  journal={Struct Multidiscip Optim},
  year={2014}
}

@article{shea2003towards,
  title={Towards integrated performance-based generative design tools},
  author={Shea, Kristina and Aish, Robert and Gourtovaia, Marina},
  journal={Digital Design, ECAADE},
  pages={253--264},
  year={2003}
}

@inproceedings{gross1996ambiguous,
  title={Ambiguous intentions: a paper-like interface for creative design},
  author={Gross, Mark D and Do, Ellen Yi-Luen},
  booktitle={Proceedings of the 9th annual ACM symposium on User interface software and technology},
  pages={183--192},
  year={1996},
  organization={ACM}
}

@inproceedings{murugappan2009feasy,
  title={Feasy: a sketch-based interface integrating structural analysis in early design},
  author={Murugappan, Sundar and Ramani, Karthik},
  booktitle={Proceedings of the ASME 2009 International Design Engineering Technical Conference and Computers and Information in Engineering Conference IDETC/CIE},
  year={2009}
}

@inproceedings{murugappan2009feasy,
  title={Feasy: a sketch-based interface integrating structural analysis in early design},
  author={Murugappan, Sundar and Ramani, Karthik},
  booktitle={Proceedings of the ASME 2009 International Design Engineering Technical Conference and Computers and Information in Engineering Conference IDETC/CIE},
  year={2009}
}

@inproceedings{horvitz1999principles,
  title={Principles of mixed-initiative user interfaces},
  author={Horvitz, Eric},
  booktitle={Proceedings of the SIGCHI conference on Human Factors in Computing Systems},
  pages={159--166},
  year={1999},
  organization={ACM}
}

@inproceedings{guo2011proactive,
  title={Proactive wrangling: mixed-initiative end-user programming of data transformation scripts},
  author={Guo, Philip J and Kandel, Sean and Hellerstein, Joseph M and Heer, Jeffrey},
  booktitle={Proceedings of the 24th annual ACM symposium on User interface software and technology},
  pages={65--74},
  year={2011},
  organization={ACM}
}

@inproceedings{ferguson1996trains,
  title={TRAINS-95: Towards a Mixed-Initiative Planning Assistant.},
  author={Ferguson, George and Allen, James F and Miller, Bradford W and others},
  booktitle={AIPS},
  pages={70--77},
  year={1996}
}

@inproceedings{tsang2004suggestive,
  title={A suggestive interface for image guided 3D sketching},
  author={Tsang, Steve and Balakrishnan, Ravin and Singh, Karan and Ranjan, Abhishek},
  booktitle={Proceedings of the SIGCHI conference on Human Factors in Computing Systems},
  pages={591--598},
  year={2004},
  organization={ACM}
}

@book{bendsoe2004topology,
  title={Topology optimization by distribution of isotropic material},
  author={Bends{\o}e, Martin P and Sigmund, Ole and Bends{\o}e, Martin P and Sigmund, Ole},
  year={2004},
  publisher={Springer}
}

@misc{Topology24:online,
author = {ANSYS 18},
title = {Topology Optimization: Applications},
howpublished = {\url{http://www.ansys.com/products/structures/topology-optimization}},
month = {},
year = {2017},
note = {(Accessed on 08/31/2017)}
}

@misc{AboutSha59:online,
author = {Autodesk Inventor},
title = {About Shape Generator},
howpublished = {\url{https://knowledge.autodesk.com/support/inventor-products/learn-explore/caas/CloudHelp/cloudhelp/2016/ENU/Inventor-Help/files/GUID-D74F47F3-FE22-44EF-85BE-7C6B1F56DCF9-htm.html}},
month = {},
year = {2017},
note = {(Accessed on 08/31/2017)}
}

@article{andreassen2011efficient,
  title={Efficient topology optimization in MATLAB using 88 lines of code},
  author={Andreassen, Erik and Clausen, Anders and Schevenels, Mattias and Lazarov, Boyan S and Sigmund, Ole},
  journal={Structural and Multidisciplinary Optimization},
  volume={43},
  number={1},
  pages={1--16},
  year={2011},
  publisher={Springer}
}

@book{beyer1997contextual,
  title={Contextual design: defining customer-centered systems},
  author={Beyer, Hugh and Holtzblatt, Karen},
  year={1997},
  publisher={Elsevier}
}

@book{zienkiewicz1977finite,
  title={The finite element method},
  author={Zienkiewicz, Olgierd Cecil and Taylor, Robert Leroy and Zienkiewicz, Olgierd Cecil and Taylor, Robert Lee},
  volume={3},
  year={1977},
  publisher={McGraw-hill London}
}

@article{biyikli2015proportional,
  title={Proportional Topology Optimization: A New Non-Sensitivity Method for Solving Stress Constrained and Minimum Compliance Problems and Its Implementation in MATLAB},
  author={Biyikli, Emre and To, Albert C},
  journal={PloS one},
  volume={10},
  number={12},
  pages={e0145041},
  year={2015},
  publisher={Public Library of Science}
}

@misc{NatureWo45:online,
author = {MatWeb},
title = {NatureWorks Ingeo\textsuperscript{TM} 2002D Extrusion Grade PLA},
howpublished = {\url{http://www.matweb.com/search/DataSheet.aspx?MatGUID=1e288619764846d2b794bd077e7f1bba&ckck=1}},
month = {},
year = {2017},
note = {(Accessed on 09/05/2017)}
}

@inproceedings{bonneel2011displacement,
  title={Displacement interpolation using Lagrangian mass transport},
  author={Bonneel, Nicolas and Van De Panne, Michiel and Paris, Sylvain and Heidrich, Wolfgang},
  booktitle={ACM Transactions on Graphics (TOG)},
  volume={30},
  number={6},
  pages={158},
  year={2011},
  organization={ACM}
}

@article{yumer2015semantic,
  title={Semantic shape editing using deformation handles},
  author={Yumer, Mehmet Ersin and Chaudhuri, Siddhartha and Hodgins, Jessica K and Kara, Levent Burak},
  journal={ACM Transactions on Graphics (TOG)},
  volume={34},
  number={4},
  pages={86},
  year={2015},
  publisher={ACM}
}

@inproceedings{Terry:2002:SVP:571985.571996,
  author = {Terry, Michael and Mynatt, Elizabeth D.},
  title = {Side Views: Persistent, On-demand Previews for Open-ended Tasks},
  booktitle = {Proceedings of the 15th Annual ACM Symposium on User
Interface Software and Technology},
  series = {UIST '02},
  year = {2002},
  isbn = {1-58113-488-6},
  location = {Paris, France},
  pages = {71--80},
  numpages = {10},
  url = {http://doi.acm.org/10.1145/571985.571996},
  doi = {10.1145/571985.571996},
  acmid = {571996},
  publisher = {ACM},
  address = {New York, NY, USA},
}


@article{memoli2017metamaterial,
  title={Metamaterial bricks and quantization of meta-surfaces},
  author={Memoli, Gianluca and Caleap, Mihai and Asakawa, Michihiro and Sahoo, Deepak R and Drinkwater, Bruce W and Subramanian, Sriram},
  journal={Nature Communications},
  volume={8},
  pages={14608},
  year={2017},
  publisher={Nature Publishing Group}
}

@article{schumacher2015microstructures,
  title={Microstructures to control elasticity in 3D printing},
  author={Schumacher, Christian and Bickel, Bernd and Rys, Jan and Marschner, Steve and Daraio, Chiara and Gross, Markus},
  journal={ACM Transactions on Graphics (TOG)},
  volume={34},
  number={4},
  pages={136},
  year={2015},
  publisher={ACM}
}

@article{panetta2015elastic,
  title={Elastic textures for additive fabrication},
  author={Panetta, Julian and Zhou, Qingnan and Malomo, Luigi and Pietroni, Nico and Cignoni, Paolo and Zorin, Denis},
  journal={ACM Transactions on Graphics (TOG)},
  volume={34},
  number={4},
  pages={135},
  year={2015},
  publisher={ACM}
}

@inproceedings{ion2016metamaterial,
  title={Metamaterial mechanisms},
  author={Ion, Alexandra and Frohnhofen, Johannes and Wall, Ludwig and Kovacs, Robert and Alistar, Mirela and Lindsay, Jack and Lopes, Pedro and Chen, Hsiang-Ting and Baudisch, Patrick},
  booktitle={Proceedings of the 29th Annual Symposium on User Interface Software and Technology},
  pages={529--539},
  year={2016},
  organization={ACM}
}

@inproceedings{savage2014series,
  title={A series of tubes: adding interactivity to 3D prints using internal pipes},
  author={Savage, Valkyrie and Schmidt, Ryan and Grossman, Tovi and Fitzmaurice, George and Hartmann, Bj{\"o}rn},
  booktitle={Proceedings of the 27th annual ACM symposium on User interface software and technology},
  pages={3--12},
  year={2014},
  organization={ACM}
}

@inproceedings{groeger2016hotflex,
  title={Hotflex: Post-print customization of 3d prints using embedded state change},
  author={Groeger, Daniel and Chong Loo, Elena and Steimle, J{\"u}rgen},
  booktitle={Proceedings of the 2016 CHI Conference on Human Factors in Computing Systems},
  pages={420--432},
  year={2016},
  organization={ACM}
}

@article{sitthi2015multifab,
  title={MultiFab: a machine vision assisted platform for multi-material 3D printing},
  author={Sitthi-Amorn, Pitchaya and Ramos, Javier E and Wangy, Yuwang and Kwan, Joyce and Lan, Justin and Wang, Wenshou and Matusik, Wojciech},
  journal={ACM Transactions on Graphics (TOG)},
  volume={34},
  number={4},
  pages={129},
  year={2015},
  publisher={ACM}
}

@inproceedings{wang2016xprint,
  title={xPrint: A Modularized Liquid Printer for Smart Materials Deposition},
  author={Wang, Guanyun and Yao, Lining and Wang, Wen and Ou, Jifei and Cheng, Chin-Yi and Ishii, Hiroshi},
  booktitle={Proceedings of the 2016 CHI Conference on Human Factors in Computing Systems},
  pages={5743--5752},
  year={2016},
  organization={ACM}
}

@inproceedings{wigdor2016foldem,
  title={Foldem: Heterogeneous object fabrication via selective ablation of multi-material sheets},
  author={Wigdor, Daniel and others},
  booktitle={Proceedings of the 2016 CHI Conference on Human Factors in Computing Systems},
  pages={5765--5775},
  year={2016},
  organization={ACM}
}

@inproceedings{schmitz2016liquido,
  title={Liquido: Embedding Liquids into 3D Printed Objects to Sense Tilting and Motion},
  author={Schmitz, Martin and Leister, Andreas and Dezfuli, Niloofar and Riemann, Jan and M{\"u}ller, Florian and M{\"u}hlh{\"a}user, Max},
  booktitle={Proceedings of the 2016 CHI Conference Extended Abstracts on Human Factors in Computing Systems},
  pages={2688--2696},
  year={2016},
  organization={ACM}
}

@inproceedings{ledo2017pineal,
  title={Pineal: Bringing Passive Objects to Life with Embedded Mobile Devices},
  author={Ledo, David and Anderson, Fraser and Schmidt, Ryan and Oehlberg, Lora and Greenberg, Saul and Grossman, Tovi},
  booktitle={Proceedings of the 2017 CHI Conference on Human Factors in Computing Systems},
  pages={2583--2593},
  year={2017},
  organization={ACM}
}

@article{vidimvce2013openfab,
  title={OpenFab: a programmable pipeline for multi-material fabrication},
  author={Vidim{\v{c}}e, Kiril and Wang, Szu-Po and Ragan-Kelley, Jonathan and Matusik, Wojciech},
  journal={ACM Transactions on Graphics (TOG)},
  volume={32},
  number={4},
  pages={136},
  year={2013},
  publisher={ACM}
}

@inproceedings{vidimce2016foundry,
  title={Foundry: Hierarchical material design for multi-material fabrication},
  author={Vidimce, Kiril and Kaspar, Alexandre and Wang, Ye and Matusik, Wojciech},
  booktitle={Proceedings of the 29th Annual Symposium on User Interface Software and Technology},
  pages={563--574},
  year={2016},
  organization={ACM}
}

@article{willis2013infrastructs,
  title={InfraStructs: fabricating information inside physical objects for imaging in the terahertz region},
  author={Willis, Karl DD and Wilson, Andrew D},
  journal={ACM Transactions on Graphics (TOG)},
  volume={32},
  number={4},
  pages={138},
  year={2013},
  publisher={ACM}
}

@article{li2017aircode,
  title={AirCode: Unobtrusive Physical Tags for Digital Fabrication},
  author={Li, Dingzeyu and Nair, Avinash S and Nayar, Shree K and Zheng, Changxi},
  journal={arXiv preprint arXiv:1707.05754},
  year={2017}
}

@inproceedings{bickel2010design,
  title={Design and fabrication of materials with desired deformation behavior},
  author={Bickel, Bernd and B{\"a}cher, Moritz and Otaduy, Miguel A and Lee, Hyunho Richard and Pfister, Hanspeter and Gross, Markus and Matusik, Wojciech},
  booktitle={ACM Transactions on Graphics (TOG)},
  volume={29},
  number={4},
  pages={63},
  year={2010},
  organization={ACM}
}

@inproceedings{willis2012printed,
  title={Printed optics: 3D printing of embedded optical elements for interactive devices},
  author={Willis, Karl and Brockmeyer, Eric and Hudson, Scott and Poupyrev, Ivan},
  booktitle={Proceedings of the 25th annual ACM symposium on User interface software and technology},
  pages={589--598},
  year={2012},
  organization={ACM}
}

@inproceedings{schmitz2015capricate,
  title={Capricate: A fabrication pipeline to design and 3D print capacitive touch sensors for interactive objects},
  author={Schmitz, Martin and Khalilbeigi, Mohammadreza and Balwierz, Matthias and Lissermann, Roman and M{\"u}hlh{\"a}user, Max and Steimle, J{\"u}rgen},
  booktitle={Proceedings of the 28th Annual ACM Symposium on User Interface Software \& Technology},
  pages={253--258},
  year={2015},
  organization={ACM}
}

@inproceedings{davis2016additively,
  title={Additively Manufactured Components With Embedded Instrumentation},
  author={Davis, Matthew and Middendorf, John and Garg, Naman and Ohanian III, Osgar John},
  booktitle={ASME 2016 International Mechanical Engineering Congress and Exposition},
  pages={V002T02A066--V002T02A066},
  year={2016},
  organization={American Society of Mechanical Engineers}
}

@misc{Palette–71:online,
author={Mosaic Manufacturing},
title = {Palette+ printer},
howpublished = {\url{https://www.mosaicmanufacturing.com/pages/technology}},
month = {},
year = {2017},
note = {(Accessed on 08/21/2017)}
}

@misc{Objet26040:online,
author = {Stratasys},
title = {Objet260 Connex3},
howpublished = {\url{http://www.stratasys.com/3d-printers/objet260-connex3}},
month = {},
year = {2017},
note = {(Accessed on 08/21/2017)}
}

@misc{HighStre69:online,
author = {Markforged},
title = {High Strength 3D Printing},
howpublished = {\url{https://markforged.com/}},
month = {},
year = {2017},
note = {(Accessed on 08/22/2017)}
}

@phdthesis{warkentin1991embedded,
  title={Embedded electronics for intelligent structures},
  author={Warkentin, David J},
  year={1991},
  school={Massachusetts Institute of Technology}
}

@misc{IndexofP85:online,
author = {Oscar A. Silverman Library - University at Buffalo Libraries},
title = {Index of Properties Terms - Materials Properties Locator Database},
howpublished = {\url{http://libweb.lib.buffalo.edu/sel/PropertiesList.asp}},
month = {},
year = {2017},
note = {(Accessed on 08/24/2017)}
}

@inproceedings{chen2015encore,
   title={Encore: 3D printed augmentation of everyday objects with printed-over, affixed and interlocked attachments},
   author={Chen, XiangAnthony and Coros, Stelian and Mankoff, Jennifer and Hudson, Scott E},
   booktitle={Proceedings of the 28th Annual ACM Symposium on User Interface Software and Technology},
   pages={73--82},
   year={2015},
   organization={ACM}
}

@inproceedings{terry2002side,
  title={Side views: persistent, on-demand previews for open-ended tasks},
  author={Terry, Michael and Mynatt, Elizabeth D},
  booktitle={Proceedings of the 15th annual ACM symposium on User interface software and technology},
  pages={71--80},
  year={2002},
  organization={ACM}
}

@inproceedings{chen2016reprise,
       title={Reprise: A Design Tool for Specifying, Generating, and Customizing 3D Printable Adaptations on Everyday Objects},
       author={Chen, XiangAnthony and Kim, Jeeeun and Mankoff, Jennifer and Grossman, Tovi and Coros, Stelian and Hudson, Scott E},
       booktitle={the 29th Annual ACM Symposium on User Interface Software and Technology},
       year={2016},
       organization={ACM}
}

@inproceedings{rivera2017stretching,
  title={Stretching the Bounds of 3D Printing with Embedded Textiles},
  author={Rivera, Michael L and Moukperian, Melissa and Ashbrook, Daniel and Mankoff, Jennifer and Hudson, Scott E},
  booktitle={Proceedings of the 2017 CHI Conference on Human Factors in Computing Systems},
  pages={497--508},
  year={2017},
  organization={ACM}
}

@article{yumer2015semantic,
  title={Semantic shape editing using deformation handles},
  author={Yumer, Mehmet Ersin and Chaudhuri, Siddhartha and Hodgins, Jessica K and Kara, Levent Burak},
  journal={ACM Transactions on Graphics (TOG)},
  volume={34},
  number={4},
  pages={86},
  year={2015},
  publisher={ACM}
}

@misc{Listofma53:online,
author = {Wikipedia},
title = {List of materials properties},
howpublished = {\url{https://en.wikipedia.org/wiki/List_of_materials_properties}},
month = {},
year = {2017},
note = {(Accessed on 09/06/2017)}
}

@book{jones2011engineering,
  title={Engineering materials 1: An introduction to properties, applications and design},
  author={Jones, David RH and Ashby, Michael F},
  year={2011},
  publisher={Elsevier}
}

@inproceedings{chen2016reprise,
       title={Reprise: A Design Tool for Specifying, Generating, and Customizing 3D Printable Adaptations on Everyday Objects},
       author={Chen, XiangAnthony and Kim, Jeeeun and Mankoff, Jennifer and Grossman, Tovi and Coros, Stelian and Hudson, Scott E},
       booktitle={the 29th Annual ACM Symposium on User Interface Software and Technology},
       year={2016},
       organization={ACM}
}

@misc{strang2011introduction,
  title={Introduction to Linear Algebra},
  author={Strang, Gilbert},
  year={2011},
  publisher={WELLESLEY-CAMBRIDGE PRESS}
}

@inproceedings{laput2015acoustruments,
  title={Acoustruments: Passive, acoustically-driven, interactive controls for handheld devices},
  author={Laput, Gierad and Brockmeyer, Eric and Hudson, Scott E and Harrison, Chris},
  booktitle={Proceedings of the 33rd Annual ACM Conference on Human Factors in Computing Systems},
  pages={2161--2170},
  year={2015},
  organization={ACM}
}